@inproceedings{chen2020simple,
  title={A Simple Framework for Contrastive Learning of Visual Representations},
  author={Chen, Ting and Kornblith, Simon and Norouzi, Mohammad and Hinton, Geoffrey},
  booktitle={Proceedings of the 37th International Conference on Machine Learning (ICML)},
  year={2020},
  note={arXiv:2002.05709},
  url={https://doi.org/10.48550/arXiv.2002.05709}
}

@inproceedings{dauner2024navsim,
  title={NAVSIM: Data-Driven Non-Reactive Autonomous Vehicle Simulation and Benchmarking},
  author={Dauner, Daniel and Hallgarten, Marcel and Li, Tianyu and Weng, Xinshuo and Huang, Zhiyu and Yang, Zetong and Li, Hongyang and Gilitschenski, Igor and Ivanovic, Boris and Pavone, Marco and Geiger, Andreas and Chitta, Kashyap},
  booktitle={Proceedings of the IEEE/CVF Conference on Computer Vision and Pattern Recognition (CVPR)},
  year={2024},
  note={\url{https://github.com/autonomousvision/navsim}}
}

@misc{OpenScene2023,
  title={OpenScene: The Largest Up-to-Date 3D Occupancy Prediction Benchmark in Autonomous Driving},
  author={{OpenScene Contributors}},
  year={2023},
  note={\url{https://github.com/OpenDriveLab/OpenScene}}
}

@inproceedings{dauner2024navsim,
  title={NAVSIM: Data-Driven Non-Reactive Autonomous Vehicle Simulation and Benchmarking},
  author={Dauner, Daniel and Hallgarten, Marcel and Li, Tianyu and Weng, Xinshuo and Huang, Zhiyu and Yang, Zetong and Li, Hongyang and Gilitschenski, Igor and Ivanovic, Boris and Pavone, Marco and Geiger, Andreas and Chitta, Kashyap},
  booktitle={Proceedings of the IEEE/CVF Conference on Computer Vision and Pattern Recognition (CVPR)},
  year={2024},
  note={\url{https://github.com/autonomousvision/navsim}}
}

@article{zhairet2023rethinking,
  title={Rethinking the Open-Loop Evaluation of End-to-End Autonomous Driving in nuScenes},
  author={Zhai, Jiang-Tian and Feng, Ze and Du, Jinhao and Mao, Yongqiang and Liu, Jiang-Jiang and Tan, Zichang and Zhang, Yifu and Ye, Xiaoqing and Wang, Jingdong},
  journal={arXiv preprint arXiv:2305.10430},
  year={2023},
  url={https://doi.org/10.48550/arXiv.2305.10430}
}

@inproceedings{hallgarten2023pdm,
  title={Parting with Misconceptions about Learning-based Vehicle Motion Planning},
  author={Dauner, Daniel and Hallgarten, Marcel and Geiger, Andreas and Chitta, Kashyap},
  booktitle={Proceedings of the 7th Conference on Robot Learning (CoRL)},
  year={2023},
  note={arXiv:2306.07962},
  url={https://doi.org/10.48550/arXiv.2306.07962}
}

@inproceedings{loshchilov2017decoupled,
  title={Decoupled Weight Decay Regularization},
  author={Loshchilov, Ilya and Hutter, Frank},
  booktitle={Proceedings of the 7th International Conference on Learning Representations (ICLR)},
  year={2019},
  note={arXiv:1711.05101},
  url={https://doi.org/10.48550/arXiv.1711.05101}
}

@inproceedings{assran2023ijepa,
  title={Self-Supervised Learning from Images with a Joint-Embedding Predictive Architecture},
  author={Assran, Mahmoud and Duval, Quentin and Misra, Ishan and Bojanowski, Piotr and Vincent, Pascal and Rabbat, Michael and LeCun, Yann and Ballas, Nicolas},
  booktitle={Proceedings of the IEEE/CVF International Conference on Computer Vision (ICCV)},
  year={2023},
  note={arXiv:2301.08243},
  url={https://doi.org/10.48550/arXiv.2301.08243}
}

@article{zhu2025ad,
  title={AD-L-JEPA: Self-Supervised Spatial World Models with Joint Embedding Predictive Architecture for Autonomous Driving with LiDAR Data},
  author={Zhu, Haoran and Dong, Zhenyuan and Topollai, Kristi and Choromanska, Anna},
  journal={arXiv preprint arXiv:2501.04969},
  year={2025}
}

@article{Open2023op,
  title={Openscene: The largest up-to-date 3d occupancy prediction benchmark in autonomous driving.},
  author={OpenScene Contributors},
  journal={https://github.com/OpenDriveLab/OpenScene},
  year={2023}
}
@article{Nap2024to,
  title={Towards learning-based planning: The nuPlan benchmark for
         real-world autonomous driving. In Proc. IEEE International Conf. on Robotics and Automation (ICRA)},
  author={Napat Karnchanachari, Dimitris Geromichalos, Kok Seang Tan, Nanxiang Li, Christopher Eriksen, Shakiba Yaghoubi, Noushin Mehdipour, Gianmarco Bernasconi, Whye Kit Fong,Yiluan Guo, and Holger Caesar},
  journal={https://github.com/OpenDriveLab/OpenScene},
  year={2024}
}

