@article{jean2023ijepa,
  title={Self-Supervised Learning from Images with a Joint-Embedding Predictive Architecture},
  author={Jean-Baptiste Alayrac and et al.},
  journal={arXiv preprint arXiv:2301.08243},
  year={2023}
}

@article{zhu2025adljepa,
  title={AD-L-JEPA: Self-Supervised Spatial World Models with Joint Embedding Predictive Architecture for Autonomous Driving with LiDAR Data},
  author={Zhu, Haotian and Liu, Qing and others},
  journal={arXiv preprint arXiv:2501.04969},
  year={2025}
}

@inproceedings{chen2020simple,
  title={A simple framework for contrastive learning of visual representations},
  author={Chen, Ting and Kornblith, Simon and Norouzi, Mohammad and Hinton, Geoffrey},
  booktitle={International conference on machine learning},
  pages={1597--1607},
  year={2020}
}

@article{grill2020bootstrap,
  title={Bootstrap your own latent: A new approach to self-supervised learning},
  author={Grill, Jean-Baptiste and Strub, Florian and Altch{\'e}, Florent and Tallec, Corentin and Richemond, Pierre H and Buchatskaya, Elena and Doersch, Carl and Pires, Bernardo and Guo, Zhaohan Daniel and Azar, Mohammad Gheshlaghi and others},
  journal={Advances in neural information processing systems},
  volume={33},
  pages={21271--21284},
  year={2020}
}

@article{he2022masked,
  title={Masked autoencoders are scalable vision learners},
  author={He, Kaiming and Chen, Xinlei and Xie, Saining and Li, Yanghao and Doll{\'a}r, Piotr and Girshick, Ross},
  journal={Proceedings of the IEEE/CVF Conference on Computer Vision and Pattern Recognition},
  year={2022}
}

@article{carla_dino2024,
  title={DINO Pre-training for Vision-based End-to-end Autonomous Driving},
  author={Anonymous},
  journal={arXiv preprint arXiv:2407.10803},
  year={2024}
}

@article{carla_ssl2024,
  title={Policy Pre-training for Autonomous Driving via Self-supervised Geometric Modeling},
  author={Anonymous},
  journal={arXiv preprint arXiv:2301.01006},
  year={2024}
}

@article{geiger2013vision,
  title={Vision meets robotics: The KITTI dataset},
  author={Geiger, Andreas and Lenz, Philip and Stiller, Christoph and Urtasun, Raquel},
  journal={The International Journal of Robotics Research},
  volume={32},
  number={11},
  pages={1231--1237},
  year={2013}
}

@article{caesar2020nuscenes,
  title={nuScenes: A multimodal dataset for autonomous driving},
  author={Caesar, Holger and Bankiti, Alex and Lang, Albert and Vora, Sourabh and Beijbom, Oscar and Krishnan, Vijay and Pandya, Mukul and others},
  journal={arXiv preprint arXiv:1903.11027},
  year={2020}
}

@article{sun2020scalability,
  title={Scalability in perception for autonomous driving: Waymo Open Dataset},
  author={Sun, Pei and Kretzschmar, Henrik and Dotiwalla, Xerxes and Chouard, Alexandre and Patnaik, Vineet and others},
  journal={arXiv preprint arXiv:1912.04838},
  year={2020}
}

@article{yu2020bdd100k,
  title={BDD100K: A diverse driving dataset for heterogeneous multitask learning},
  author={Yu, Fisher and Xian, Wenqi and Chen, Yingying and Liu, Fangchen and others},
  journal={arXiv preprint arXiv:1805.04687},
  year={2020}
}

@inproceedings{dosovitskiy2017carla,
  title={CARLA: An open urban driving simulator},
  author={Dosovitskiy, Alexey and Ros, German and Codevilla, Felipe and Lopez, Antonio and Koltun, Vladlen},
  booktitle={Proceedings of the 1st Annual Conference on Robot Learning},
  pages={1--16},
  year={2017}
}

@article{choi2021robust,
  title={RobustNet: Improving domain generalization in urban-scene segmentation via instance selective whitening},
  author={Choi, Jongmin and Kim, Taesung and Kim, Changick},
  journal={arXiv preprint arXiv:2007.06167},
  year={2021}
}

@article{houston2020lyft,
  title={Lyft Level 5 Dataset: A large-scale dataset for autonomous driving},
  author={Houston, John and Zuidhof, Gijs and Bergmann, Philipp and Ye, Yiyi and Chen, Jiahui and others},
  journal={arXiv preprint arXiv:2003.00033},
  year={2020}
}